<record><leader>00000cas a22000007a 4500</leader><controlfield tag="001">15187967</controlfield><controlfield tag="008">870212d19521984inudn ne      0    0eng d</controlfield><datafield ind1=" " ind2=" " tag="010"><subfield code="a">sn 87055301 </subfield></datafield><datafield ind1=" " ind2=" " tag="040"><subfield code="a">NPI</subfield><subfield code="b">eng</subfield><subfield code="c">NPI</subfield><subfield code="d">OCLCQ</subfield></datafield><datafield ind1=" " ind2=" " tag="042"><subfield code="a">msc</subfield></datafield><datafield ind1="0" ind2="0" tag="245"><subfield code="a">Monticello daily herald journal.</subfield></datafield><datafield ind1=" " ind2=" " tag="260"><subfield code="a">Monticello, Ind. :</subfield><subfield code="b">Monticello Herald Co.,</subfield><subfield code="c">1952-1984.</subfield></datafield><datafield ind1=" " ind2=" " tag="310"><subfield code="a">Daily (except Sun. and holidays)</subfield></datafield><datafield ind1="0" ind2=" " tag="362"><subfield code="a">90th year, no. 49 (Feb. 27, 1952)-122nd year, no. 143 (July 31, 1984).</subfield></datafield><datafield ind1=" " ind2=" " tag="500"><subfield code="a">"Monticello" above title ornament; "daily" below title ornament.</subfield></datafield><datafield ind1=" " ind2=" " tag="752"><subfield code="a">United States</subfield><subfield code="b">Indiana</subfield><subfield code="c">White</subfield><subfield code="d">Monticello.</subfield></datafield><datafield ind1="0" ind2="0" tag="780"><subfield code="t">Monticello herald-journal</subfield><subfield code="w">(DLC)sn 84045456</subfield><subfield code="w">(OCoLC)11351696</subfield></datafield><datafield ind1="0" ind2="5" tag="780"><subfield code="t">White County times</subfield><subfield code="w">(DLC)sn 84045472</subfield><subfield code="w">(OCoLC)11377986</subfield></datafield><datafield ind1="0" ind2="0" tag="785"><subfield code="t">Herald journal (Monticello, Ind.)</subfield><subfield code="w">(DLC)sn 87055302</subfield></datafield></record>